<record><leader>00000cas a22000007a 4500</leader><controlfield tag="001">10742362</controlfield><controlfield tag="008">840517c19499999ohudn ne      0   a0eng d</controlfield><datafield ind1=" " ind2=" " tag="010"><subfield code="a">sn 84008407 </subfield></datafield><datafield ind1=" " ind2=" " tag="040"><subfield code="a">NSD</subfield><subfield code="b">eng</subfield><subfield code="c">NSD</subfield><subfield code="d">ONP</subfield><subfield code="d">OCLCQ</subfield></datafield><datafield ind1=" " ind2=" " tag="012"><subfield code="m">1</subfield></datafield><datafield ind1="1" ind2=" " tag="022"><subfield code="a">0747-3273</subfield><subfield code="l">0747-3273</subfield><subfield code="2">1</subfield></datafield><datafield ind1=" " ind2=" " tag="032"><subfield code="a">049000</subfield><subfield code="b">USPS</subfield></datafield><datafield ind1=" " ind2=" " tag="037"><subfield code="b">Bellefontaine Examiner, P.O. Box 40, Bellefontaine, OH 43311</subfield></datafield><datafield ind1=" " ind2=" " tag="042"><subfield code="a">nsdp</subfield></datafield><datafield ind1="0" ind2=" " tag="130"><subfield code="a">Bellefontaine examiner (Bellefontaine, Ohio : 1949)</subfield></datafield><datafield ind1=" " ind2="0" tag="222"><subfield code="a">Bellefontaine examiner</subfield></datafield><datafield ind1="1" ind2="0" tag="245"><subfield code="a">Bellefontaine examiner.</subfield></datafield><datafield ind1=" " ind2=" " tag="260"><subfield code="a">Bellefontaine, Ohio :</subfield><subfield code="b">H.K. Hubbard &amp; Co.,</subfield><subfield code="c">1949-</subfield></datafield><datafield ind1=" " ind2=" " tag="310"><subfield code="a">Daily (except Sun.)</subfield></datafield><datafield ind1="0" ind2=" " tag="362"><subfield code="a">Vol. 58, no. 70 (Mar. 7, 1949)-</subfield></datafield><datafield ind1=" " ind2=" " tag="752"><subfield code="a">United States</subfield><subfield code="b">Ohio</subfield><subfield code="c">Logan</subfield><subfield code="d">Bellefontaine.</subfield></datafield><datafield ind1="0" ind2=" " tag="775"><subfield code="t">Weekly examiner (Bellefontaine, Ohio : 1982)</subfield><subfield code="w">(DLC)sn 91069986</subfield></datafield><datafield ind1="0" ind2="0" tag="780"><subfield code="a">Daily examiner (Bellefontaine, Ohio)</subfield><subfield code="w">(DLC)sn 88077050</subfield></datafield><datafield ind1=" " ind2=" " tag="936"><subfield code="a">Apr. 24, 1984</subfield></datafield></record>